@incollection{Coarer2003,
author = {Le Coarer, Jacques },
title = {Chimie. Le minimum à savoir},
booktitle = {Collection Grenoble Sciences},
year = {2003},
editor = {Jean Bornarel},
publisher = {{EDP Sciences}},
}
@online{Wiki:OA,
author = {{Contributeurs Wikipedia}},
title = {Orbitale atomique},
url = {https://fr.wikipedia.org/wiki/Tableau_périodique_des_éléments},
language = {FR},
organization = {Wikimédia},
date = {2020-01-06},
}
@online{Wiki:TPE,
author = {{Contributeurs Wikipedia}},
title = {Tableaux périodique des éléments},
url = {https://fr.wikipedia.org/wiki/Tableau_périodique_des_éléments},
language = {FR},
organization = {Wikimédia},
date = {2020-05-11},
}
